<?xml version="1.0" encoding="UTF-8"?>
<SOAP-ENV:Envelope xmlns:SOAP-ENV="http://schemas.xmlsoap.org/soap/envelope/" xmlns:of="http://oss.dbc.dk/ns/openformat" xmlns:ofo="http://oss.dbc.dk/ns/openformatoutput"><SOAP-ENV:Body><of:formatResponse><marc:record xmlns:marc="http://www.loc.gov/MARC21/slim"><leader>00000nam a22000000c 4500</leader><controlfield tag="001">870970:05412803</controlfield><controlfield tag="003">DKDLA</controlfield><controlfield tag="005">20010128224732.0</controlfield><controlfield tag="007">ta</controlfield><controlfield tag="008">790802s1979    ic |||||||||| 10||umul||</controlfield><datafield ind1="0" ind2=" " tag="111"><subfield code="a">Nordisk Videnskabeligt Bibliotekarforbund. </subfield><subfield code="b">Medlemsmøde (</subfield><subfield code="n">5</subfield><subfield code="d">1978</subfield><subfield code="c">Reykjavík)</subfield></datafield><datafield ind1=" " ind2="0" tag="245"><subfield code="a">Fra norrøne skrifter til nordiske forskningsbiblioteker</subfield></datafield><datafield ind1=" " ind2=" " tag="260"><subfield code="b">Nordisk videnskabeligt Bibliotekarforbund,</subfield><subfield code="c">1979</subfield></datafield><datafield ind1=" " ind2=" " tag="300"><subfield code="a">218 sider</subfield></datafield><datafield ind1="1" ind2=" " tag="700"><subfield code="a">Sigurðsson, Einar</subfield></datafield><datafield ind1="0" ind2=" " tag="700"><subfield code="a">Helgi Magnússon</subfield></datafield></marc:record></of:formatResponse></SOAP-ENV:Body></SOAP-ENV:Envelope>
